@article{
JOE,
author = "F. Grasser",
title = "JOE:A mobile inverted pendulum",
journal = "IEEE tranasactions on industrial electronics",
volume = "49",
pages = "107--114",
year = "2002",
DOI = "10.1109/41.982254"
}
